@article{abubakar2010,
  title={A review of farm tractor overturning accidents and safety},
  author={Abubakar, Mohammed Shuâ€™aibu and Ahmad, Desa and Akande, Fatai Bukola},
  journal={Pertanika J. Sci. Technol},
  volume={18},
  pages={377--385},
  year={2010}
}
@article{Alakukku2003,
   author = {Alakukku, L and Weisskopf, P and Chamen, W.C.T and Tijink, F.G.J and van der Linden, J.P and Pires, S and Sommer, C and Spoor, G},
   title = {{Prevention strategies for field traffic-induced subsoil compaction: a review}},
   journal = {Soil and Tillage Research},
   month = {oct},
   number = {1-2},
   pages = {145--160},
   volume = {73},
   year = {2003}
}

@article{Barrero2018,
author = {Barrero, Oscar and Tilaguy, Sebastin and Nova, Yuli M.},
journal = {2018 IEEE 2nd Colombian Conference on Robotics and Automation, CCRA 2018},
pages = {1--6},
publisher = {IEEE},
title = {Outdoors Trajectory Tracking Control for a Four Wheel Skid-Steering Vehicle},
year = {2018}
}